@Manual{R-knitr,
  title = {knitr: A General-Purpose Package for Dynamic Report Generation in R},
  author = {Yihui Xie},
  year = {2016},
  note = {R package version 1.13},
  url = {http://CRAN.R-project.org/package=knitr},
}

@Manual{R-Deriv,
  title = {Deriv: Symbolic Differentiation},
  author = {Andrew Clausen and Serguei Sokol},
  year = {2016},
  note = {R package version 3.7.0},
  url = {http://CRAN.R-project.org/package=Deriv},
}

@article{Harris1980The,
  title={The use of the tetrachoric series for evaluating multivariate normal probabilities},
  author={Harris, Bernard and Soms, Andrew P.},
  journal={Journal of Multivariate Analysis},
  volume={10},
  number={2},
  pages={252-267},
  year={1980},
}

@Manual{Ryacas,
    title = {Ryacas: R interface to the yacas computer algebra system},
    year = {2014},
    note = {R package version 0.2-12.1},
    url = {http://CRAN.R-project.org/package=Ryacas},
  }

@Manual{R-core,
    title = {R: A Language and Environment for Statistical Computing},
    author = {{R Core Team}},
    organization = {R Foundation for Statistical Computing},
    address = {Vienna, Austria},
    year = {2015},
    url = {http://www.R-project.org/},
  }
  
@Article{BB,
    title = {{BB}: An {R} Package for Solving a Large System of Nonlinear Equations and for Optimizing a High-Dimensional Nonlinear Objective Function},
    author = {Ravi Varadhan and Paul Gilbert},
    journal = {Journal of Statistical Software},
    year = {2009},
    volume = {32},
    number = {4},
    pages = {1--26},
    url = {http://www.jstatsoft.org/v32/i04/},
  }
  
@Manual{numDeriv,
    title = {numDeriv: Accurate Numerical Derivatives},
    author = {Paul Gilbert and Ravi Varadhan},
    year = {2015},
    note = {R package version 2014.2-1},
    url = {http://CRAN.R-project.org/package=numDeriv},
  }  
  
@Manual{R-GA,
  title = {GA: Genetic Algorithms},
  author = {Luca Scrucca},
  year = {2016},
  note = {R package version 3.0.1},
  url = {http://CRAN.R-project.org/package=GA},
}  
@Manual{R-gafit,
    title = {gafit: Genetic Algorithm for Curve Fitting},
    author = {Telford Tendys},
    year = {2012},
    note = {R package version 0.4.1},
    url = {https://CRAN.R-project.org/package=gafit},
  }
  
@Manual{R-galts,
    title = {galts: Genetic algorithms and C-steps based LTS (Least Trimmed Squares)
estimation},
    author = {Mehmet Hakan Satman},
    year = {2013},
    note = {R package version 1.3},
    url = {http://CRAN.R-project.org/package=galts},
  }  
  
@Article{R-mcga,
    title = {Machine Coded Genetic Algorithms For Real Parameter Optimization Problems},
    author = {Mehmet Hakan Satman},
    journal = {Gazi University Journal of Science},
    year = {2013},
    volume = {26},
    number = {1},
    pages = {85--95},
    url = {http://gujs.gazi.edu.tr/article/view/1060000982},
  }  
  
@Article{R-rgenoud,
  title = {Genetic Optimization Using Derivatives:  The {rgenoud} Package for {R}},
  author = {Walter R. {Mebane, Jr.} and Jasjeet S. Sekhon},
  journal = {Journal of Statistical Software},
  year = {2011},
  volume = {42},
  number = {11},
  pages = {1--26},
  url = {http://www.jstatsoft.org/v42/i11/},
}  
  
@Manual{R-genalg,
    title = {genalg: R Based Genetic Algorithm},
    author = {Egon Willighagen and Michel Ballings},
    year = {2015},
    note = {R package version 0.2.0},
    url = {http://CRAN.R-project.org/package=genalg},
  }  
  
@Manual{R-gaoptim,
    title = {gaoptim: Genetic Algorithm optimization for real-based and
permutation-based problems},
    author = {Fernando Tenorio},
    year = {2013},
    note = {R package version 1.1},
    url = {http://CRAN.R-project.org/package=gaoptim},
  }  
 

@ARTICLE{2016arXiv160501931S,
   author = {{Scrucca}, L.},
    title = "{On some extensions to GA package: hybrid optimisation, parallelisation and islands evolution}",
  journal = {ArXiv e-prints},
archivePrefix = "arXiv",
   eprint = {1605.01931},
 primaryClass = "stat.CO",
 keywords = {Statistics - Computation},
     year = 2016,
    month = may,
   adsurl = {http://adsabs.harvard.edu/abs/2016arXiv160501931S},
  adsnote = {Provided by the SAO/NASA Astrophysics Data System}
}
 