@article{Harris_1980_Tetrachoric,
  title   = {The use of the tetrachoric series for evaluating multivariate normal probabilities},
  author  = {Harris, Bernard and Soms, Andrew P.},
  journal = {Journal of Multivariate Analysis},
  volume  = {10},
  number  = {2},
  pages   = {252--267},
  year    = {1980},
  url     = {https://core.ac.uk/download/pdf/82358535.pdf}
}

@Article{Varadhan_2009_BB,
    title = {{BB}: An {R} Package for Solving a Large System of Nonlinear Equations and for Optimizing a High-Dimensional Nonlinear Objective Function},
    author = {Ravi Varadhan and Paul Gilbert},
    journal = {Journal of Statistical Software},
    year = {2009},
    volume = {32},
    number = {4},
    pages = {1--26},
    url = {https://www.jstatsoft.org/v32/i04/},
  }
  
@Article{R-mcga,
    title = {Machine Coded Genetic Algorithms For Real Parameter Optimization Problems},
    author = {Mehmet Hakan Satman},
    journal = {Gazi University Journal of Science},
    year = {2013},
    volume = {26},
    number = {1},
    pages = {85--95},
    url = {http://gujs.gazi.edu.tr/article/view/1060000982},
  }  
  
@Article{R-rgenoud,
  title = {Genetic Optimization Using Derivatives:  The {rgenoud} Package for {R}},
  author = {Walter R. {Mebane, Jr.} and Jasjeet S. Sekhon},
  journal = {Journal of Statistical Software},
  year = {2011},
  volume = {42},
  number = {11},
  pages = {1--26},
  url = {https://www.jstatsoft.org/v42/i11/},
}  

@Article{Scrucca_2016_GA,
   author = {Luca Scrucca},
    title = {On some extensions to GA package: hybrid optimisation, parallelisation and islands evolution},
  journal = {ArXiv e-prints},
   eprint = {1605.01931},
     year = 2016,
    month = may,
      url = {https://arxiv.org/abs/1605.01931},
}
 